4652 3712
2627 74 4227 504 Stormäcktigste Allernådigste konung.
2500 634 4178 822 Såsom Eders Kungl. May:ts allernådigste
2448 757 4175 946 försorg och högtbepriselige Kongl. Mjt för alt
2432 878 4209 1048 det som kan lända Eders Kongl. May:ts Rike til
2435 996 4206 1156 Styrkia och dess Imwanare Eders Kongl. May:ts
2432 1110 4178 1252 trogne Undersåtare till befrämjelse och
2432 1209 4116 1361 förkofring, hafwer jembwäl til Berg-
2426 1308 4156 1466 wärkens upkomst och wid makt hållande
2423 1429 4175 1583 uti Eders Kongl. May:ts Rike och dess tillhö-
2426 1546 4169 1688 rande Provincier d: 23 Decemb: 1689 aller-
2423 1651 4200 1831 nådigast låtit sig behaga Eders Kongl. May:ts
2426 1781 4178 1942 Höglåfl: Bergs Collegio underdåninge tanka,
2417 1890 4187 2050 at uti betracktande af flera wicktiga orsa-
2417 1989 4184 2156 ker en Resa till åtskillige främmande Or-
2417 2097 4190 2267 ter borde anställas, hwarigenom så wäl ut-
2417 2205 4187 2384 Rikes Bergswärks tillstånd och handlingar som
2417 2307 4209 2468 serdeles dess fruktbarhet eller mangel på äd-
2414 2415 4197 2564 lare och ringare Metaller med dertill hörande
2414 2511 4221 2681 omständigheter och beskaffenhet behörigen skul-
2414 2620 4150 2790 le blifwa undersökt, Eders kungl. May:ts
2411 2734 4184 2907 och sedermera d. 17 Januari 1690 med sam-
2411 2842 4141 3025 ma Höglåfl. Kungl. ynnest icke allenast
2411 2978 4172 3118 nödwändige medel till sådan Resas utfö-
2408 3087 4172 3238 rande hafwer täckts förordna, utan ock
2420 3201 4169 3359 Eders: Kungl. May:ts Bergs Collegii underdå-
2404 3325 4128 3467 ninge yttrande allernådigst bifallit och i
4378 110 4451 179 1.
