4902 3960
644 313 811 373 den
909 317 992 377 12
1091 314 1409 374 Aprilis
1522 303 1832 363 168.

245 443 292 503 H
387 449 481 509 Wv
527 455 753 515 Hf
763 463 942 523 B
961 466 1131 526 PS
1149 464 1234 524 .
1244 456 1375 516 St.
1385 455 1461 515 P
1470 455 1564 515 b
1573 455 1706 515 I.
1715 452 1771 512 f
1781 449 1884 509 K.
1894 447 2091 507 .
2120 437 2328 497 Ott..

409 587 604 647 Asss
660 563 905 623 kades
1011 545 1458 605 absenterade
1539 550 1678 610 sigh
1751 553 1873 613 för
1938 549 2035 609 Sin
2076 549 2255 609 son,
2280 544 2361 604 som

573 645 824 705 hafwer
921 645 1257 705 afgiördt
1360 645 1935 705 eftterhöliandhe
2007 642 2419 702 crimnal¬

453 788 695 848 Allså
787 774 1150 834 förehades
1224 757 1586 817 priminal
1652 753 2218 813 ransakningen
2273 749 2375 809 frå

507 920 1039 980 Kongehäradz
1133 908 1426 968 öfwer
1498 890 1915 950 dråparen
2009 896 2165 956 Oce
2218 896 2395 956 Nilßo

546 1060 678 1120 som
780 1046 1177 1106 ynkeligen
1249 1039 1574 1099 hafwer
1655 1039 2093 1099 ihiilstuckit
2154 1042 2430 1102 Spern¬

475 1176 873 1236 Månßon
1011 1170 1027 1230 i
1091 1160 1684 1220 Munteboda,
1717 1173 1806 1233 och
1863 1164 2204 1224 omsider
2244 1164 2374 1224 blef

485 1298 642 1358 Bri
694 1290 807 1350 dhr
850 1295 998 1355 före
1076 1295 1449 1355 fafttagen
1518 1302 1597 1362 och
1623 1301 1962 1361 dömbder
2022 1299 2327 1359 conelate

516 1409 732 1469 rades
823 1406 908 1466 att
986 1407 1261 1467 Garudz
1293 1401 1496 1461 Jorm
1614 1409 2143 1469 approberas.
2188 1421 2346 1481 Ipa

543 1522 755 1582 eftter
869 1516 1023 1576 Åcke
1089 1516 1329 1576 Nilßon
1396 1527 1569 1587 skall
1635 1534 2153 1594 justifieras.

1055 1665 1199 1725 den
1301 1671 1385 1731 14
1504 1671 1775 1731 Aprili
1860 1677 2140 1737 1687.

203 1743 230 1803 P
319 1751 391 1811 V.
400 1761 470 1821 P
488 1772 720 1832 Af.
747 1784 934 1844 P
943 1784 1032 1844 N4
1130 1791 1210 1851 56
1290 1801 1433 1861 S1.
1442 1812 1531 1872 P
1540 1814 1629 1874 b.
1638 1814 1736 1874 It
1825 1826 1986 1886 IP.
1995 1832 2092 1892 p4
2164 1834 2351 1894 Ott.

675 1945 987 2005 Kongl.
1016 1940 1233 2000 Rätten
1301 1951 1428 2011 lätt
1487 1959 1605 2019 sigh
1673 1975 2025 2035 föreläsa
2085 1987 2192 2047 dhe
2231 1999 2417 2059 ifrån

637 2065 975 2125 åthskillige
1022 2065 1360 2125 härader,
1407 2080 1623 2140 inför
1679 2097 1876 2157 sandhe
1923 2106 2392 2166 ransakning

631 2196 896 2256 öfwer
971 2202 1116 2262 dhen
1222 2208 1502 2268 gamble
1562 2220 1942 2280 tiufwen
2025 2220 2192 2280 Pehr
2275 2214 2435 2274 An¬

609 2345 875 2405 derßon
939 2345 961 2405 i
1024 2336 1481 2396 Tyßery,
1514 2339 1632 2399 som
1748 2334 1908 2394 sidst
1971 2327 2269 2387 hafwwer
2313 2327 2386 2387 sty

589 2470 683 2530 lit
769 2464 956 2524 åther
1043 2456 1633 2516 Liungarinnß
1727 2452 2036 2512 Kyrka
2112 2457 2197 2517 66
2284 2446 2377 2506 hr

617 2584 827 2644 W
960 2591 1054 2651 och
1139 2584 1701 2644 concluderades
1778 2575 1888 2635 att
1966 2575 2067 2635 han
2138 2580 2371 2640 eftter

582 2718 852 2778 Bita
873 2719 1390 2779 häradzdomb
1473 2697 1659 2757 skall
1742 2700 2363 2760 pphängeß.

975 2891 1099 2951 den
1154 2885 1223 2945 18
1306 2875 1561 2935 Aprilis
1650 2869 1925 2929 1683.

381 3004 554 3064 Bf
850 3037 974 3097 B
1109 3042 1367 3102 4.P.
1378 3040 1546 3100 11.
1559 3044 1952 3104 I
1974 3040 2189 3100 Ott..

459 3192 825 3252 förehads
872 3192 928 3252 em
1031 3178 1350 3238 criminal
1416 3171 1894 3231 ransakningh
1950 3173 2194 3233 ifrån
2251 3163 2363 3223 Kon

439 3347 592 3407 alff
678 3334 925 3394 öfwer
1011 3314 1156 3374 Pehr
1233 3293 1506 3353 Jonßon
1610 3281 1814 3341 medh
1883 3275 2105 3335 flere
2208 3271 2344 3331 som

475 3463 998 3523 nästförseden
1074 3424 1249 3484 Mid
1293 3395 1937 3455 sommarßdagh
2014 3401 2374 3461 hufwer

1892 3569 2226 3629 Commit

2844 334 3127 394 kommit
3199 329 3264 389 in
3336 329 3419 389 på
3500 310 3911 370 Skomakare
3947 305 4194 365 ämptet
4268 310 4376 370 uthi
4432 304 4569 364 Nilß
4605 299 4796 359 Staras

2884 455 3130 515 huuß,
3158 445 3281 505 dher
3328 434 3432 494 dhet
3489 427 3659 487 war
3725 413 4018 473 tillstädes
4112 425 4178 485 och
4226 425 4433 485 giordt
4490 419 4754 479 tumult

2856 574 2924 634 då
3029 562 3241 622 Sigen
3325 544 3491 604 Bedh
3559 538 3779 598 Renna
3869 531 4058 591 skulle
4141 538 4323 598 effter
4383 532 4762 592 befalningh.

2844 684 3037 744 ledas
3118 679 3264 739 weh
3371 663 3484 723 för
3577 651 3657 711 sin
3757 645 4170 705 oroligheet,
4230 644 4430 704 har
4490 645 4563 705 af
4610 640 4716 700 nå

2865 792 2960 852 got
3011 792 3347 852 slagzmåhl
3442 783 3571 843 dhem
3631 767 3855 827 emillan
3924 765 4312 825 passerade,
4338 759 4441 819 som
4544 753 4828 813 rensak¬

2841 908 3098 968 ningen
3201 895 3577 955 förmäler
3681 884 3889 944 Här
3952 878 4215 938 öfwer
4292 860 4771 920 discurerades

2845 1037 2922 1097 ah
2983 1031 3319 1091 voterades
3423 1015 3509 1075 att
3578 1004 3725 1064 Pehr
3777 999 4019 1059 Jonßon
4079 993 4381 1053 befryas
4432 981 4605 1041 ifrån
4657 983 4786 1043 Edz

2797 1159 2960 1219 Get
3048 1146 3130 1206 och
3197 1136 3441 1196 Simon
3560 1115 3871 1175 Zalnßon
3945 1115 4034 1175 dhe
4100 1102 4285 1162 honom
4367 1089 4752 1149 pådömbde

2866 1270 3020 1330 20.
3043 1260 3242 1320 insr:
3311 1255 3396 1315 och
3465 1241 3634 1301 uthi
3680 1236 3803 1296 dhet
3887 1229 4125 1289 öfriga
4225 1206 4678 1266 approberat

2901 1385 3341 1445 Magistratens
3399 1368 3659 1428 domb,
3702 1361 3767 1421 fr
3890 1349 4293 1409 Gyllenad
4373 1336 4539 1396 till
4618 1328 4704 1388 att

2875 1518 3003 1578 Pehr
3067 1508 3288 1568 Jonßon
3360 1502 3507 1562 skall
3590 1495 3866 1555 befrya
3957 1492 4085 1552 sigh
4131 1480 4306 1540 medh
4361 1463 4571 1523 sielfz
4607 1450 4727 1510 sins

2827 1651 2943 1711 orde
3002 1639 3118 1699 Ett
3216 1629 3303 1689 han
3382 1623 3518 1683 intet
3606 1617 3733 1677 hade
3810 1617 3937 1677 ord
4005 1613 4307 1673 intention
4385 1598 4473 1658 att
4521 1586 4813 1646 sempnas

2872 1773 3027 1833 eller
3095 1761 3263 1821 giöra
3323 1766 3553 1826 skada,
3580 1746 3728 1806 när
3809 1737 3896 1797 han
3984 1731 4105 1791 kom
4186 1717 4348 1777 dytt,
4368 1707 4510 1767 uthan
4557 1701 4759 1761 alle¬

2839 1898 2990 1958 nas
3100 1885 3203 1945 att
3266 1874 3542 1934 salvera
3614 1868 3700 1928 sin
3780 1862 3993 1922 wår,
4048 1853 4293 1913 emedan
4364 1830 4475 1890 här
4545 1823 4688 1883 iyn

2802 2045 2871 2105 så
2976 2040 3219 2100 giltige
3289 2029 3589 2089 stitnen
3659 2017 3948 2077 finnes,
3972 2007 4098 2067 som
4157 2001 4261 2061 dhet
4331 1987 4539 2047 honom
4608 1981 4795 2041 kun¬

2797 2172 2883 2232 na
2996 2168 3500 2228 öfwertyga.
3560 2150 3648 2210 Hr
3725 2142 3978 2202 Gav.
3995 2140 4246 2200 torp.
4255 2136 4325 2196 of
4411 2130 4759 2190 Hager

2812 2291 3047 2351 kunna
3117 2291 3274 2351 intet
3336 2285 3657 2345 befrya
3759 2275 3970 2335 honom
4064 2278 4299 2338 ifrån
4370 2273 4502 2333 dhet
4557 2268 4737 2328 onda

2772 2434 3109 2494 Upsåtet
3203 2425 3305 2485 han
3427 2420 3567 2480 sade
3652 2413 3754 2473 att
3810 2405 4147 2465 hempnas
4193 2405 4232 2465 å
4315 2399 4605 2459 Anders
4671 2393 4783 2453 för

2844 2560 2935 2620 een
2986 2554 3152 2614 annan
3202 2548 3352 2608 giorde
3418 2542 3760 2602 gieningen,
3801 2536 3893 2596 och
3968 2536 4159 2596 heller
4210 2535 4351 2595 sedt
4401 2524 4700 2584 Anderß

2797 2681 3007 2741 ligen
3084 2667 3327 2727 under
3404 2665 3497 2725 än
3581 2666 3926 2726 Spen,
3970 2650 4180 2710 således
4222 2646 4416 2706 döma
4492 2642 4594 2702 dhe
4636 2649 4779 2709 gode

2834 2768 3151 2828 gimna
3236 2763 3356 2823 Pehr
3434 2757 3682 2817 Henßon
3760 2757 3853 2817 till
3931 2751 4282 2811 Edzöret.
4308 2750 4445 2810 Nath
4522 2745 4625 2805 dhet
4668 2745 4804 2805 öfwer

2789 2876 2885 2936 ga
2973 2874 3108 2934 neh
3253 2873 3417 2933 medh
3474 2864 3870 2924 pearuliten.

3301 3025 3492 3085 dhen
3570 3034 3693 3094 20
3799 3022 4135 3082 Aprilis
4192 2989 4556 3049 1687.

2649 3174 2920 3234 K.
2944 3183 3622 3243 Pis
3658 3204 3904 3264 I
3978 3193 4088 3253 SK
4458 3167 4556 3227 Ot

2925 3323 3345 3383 Uplästes
3416 3312 3478 3372 om
3594 3305 3913 3365 criminal
3983 3302 4520 3362 Ransakningh
4590 3315 4800 3375 ifrån

2916 3453 3152 3513 Sahl
3275 3439 3568 3499 öfwer
3640 3413 3942 3473 Marit
4023 3395 4773 3455 Gryngelßdotter

4290 3525 4456 3585 som
