8200 5608
2032 1497 4186 1778 Widh nampn Oleska Turstens dotter Skyldhen,
2046 1684 4239 1883 att uthi Margretta Fryars Siukdom wara wollan¬
2057 1778 4219 1991 de, och såßom Lagen och Recessen Klarligen tilhålle,
2057 1883 4189 2110 att sådhanne Sakr skola gifwas Under 15 trs Mäns
2038 1958 4233 2190 Ransakningh och Dom, lyka som uthi Drap Saaker;
2041 2076 4214 2295 Altså hafwa nu funnit nödigt att Upmähla
2018 2220 3186 2446 Edher godhe Män Well:de
2416 2369 3054 2612 Simon Simonson,
3239 2391 3791 2623 Jesper Mars
2366 2515 3010 2739 Detleff Schirholtz,
3233 2529 3802 2703 Nilß Tommeson
2400 2692 3021 2839 Måns Månßon,
3250 2659 3896 2850 Eliß LurherVidtz,
2372 2800 3057 2974 Lars Jöranßon,
3264 2783 3882 2932 Lars Anderßon,
2383 2932 3043 3098 Anders Hagen,
3272 2877 3971 3073 Albrecht Jöranßon,
2369 3040 3032 3214 Morten Skomakare,
3256 3004 3918 3209 Jöran Skomakare,
2339 3178 3046 3363 Hieronimus Hanßon,
3267 3148 4200 3327 Peer Anderson skreddare och.
3289 3258 3882 3399 Peer Wagn ./.
1999 3319 4172 3598 Medh befallningh dhet i dhenna Saaken för edher
2007 3526 4205 3739 tage, och dhen samma icke allenast granne¬
2041 3650 4117 3852 ligen skirpkadha och Nagelfara, uthan och
2002 3758 4214 3968 be:de Qwinfolck på dhet allerhögsta Examinera
2007 3891 4125 4095 och tillhålla, att dhe dhen Bästa sanningrn
1974 4001 4128 4214 sampt deß ellaka giärningar för liusett
1960 4131 4128 4313 bringa och Uppenbara, på dhet sådhant
1983 4252 4139 4487 otilbörlige giärninger, så wähl dhe som sigh
1999 4371 4081 4592 medh slyke Diefwulska Konster och Troldom
3623 4515 4040 4700 hafwer
4818 1422 6961 1731 Hafwer befattedt och inlåtit mågo behörligen
4910 1621 7049 1833 blifwa Corrigerade, och eftter Lagh Lifstraffadhe,
4901 1753 6939 1952 Hafwandes i her iempte uthaf hoosgåendhe
4860 1858 7025 2071 Documenter att förnimma någorledes
4932 1963 7052 2198 Saakzens beskaffenheet; Hwarföre wille i och få
4926 2076 7027 2322 myket mehra detta Ährendhet medh Alle¬
4907 2190 6953 2441 forderligaste nu föreiu heller företaga,
4923 2292 7011 2554 och dhermedh förfara som Lagen Edher gifwer
4918 2419 7049 2667 anledningh till, och i Pröffwa till Saakens
4896 2540 7033 2761 befordran tiäna kan, aldeeles Lagligmätigte;
4874 2667 6953 2916 Hwar öfwer wii edher fordersamme afsikt
4907 2781 6997 3018 och Dom förwäntar; Gudi befallt, af
4896 2921 6541 3162 Rönneby den 27 January 1679.
5959 3057 7003 3349 Borgmastare och Rådh
4832 3239 7052 3526 Dernäst Welwyse Magistratens swar och befall¬
4904 3407 6942 3623 ningh på dhe 15 Mäns Supplich, läst och
4890 3545 6202 3780 påskriefwe, så mählandhe.
4860 3692 7000 3976 Emedhan Magistraten erser uthaf edher godhe
4904 3882 6964 4059 Mäns Wel:de Simon Simonson, JesPer mars
4921 3979 7019 4203 Dc:o och dhe 15 Mäns exception dhet i Wähla
4912 4109 6983 4313 edher Undandraga troldoms Saaken at Upptaga
4885 4205 6994 4426 och Ransaka, föreställandes och Uthaf Recessen
4882 4330 6997 4534 edher till befrielße, lyka som skulle wii Laga
4879 4448 6906 4667 icke Observerat, och uthan Fundaments
6635 4592 6870 4758 edher
