6104 4920
491 500 593 671 10.
635 443 2157 755 föllier prosederades och befans.
623 566 3017 914 Först, förehades Ryttaren Hindrich Spännare födder i Ny¬
677 782 2981 992 landh och Tlenala Sochn, och eftter tillfrågan bekiände
701 902 2975 1121 han sigh tillförende i sidsta Ofridh tient under Lyf¬
701 1007 2957 1246 ländske armeen 1½ åhr under Öfwerste Ribbingz
701 1130 2942 1360 Regemente till häst, och sigh då oftta hört Kongl.
716 1240 2984 1531 krigz Articklarne, sedermehra tiänt här under Adelß¬
662 1405 1441 1633 fahnan i 8 Åhr.
722 1432 3008 1744 Tillfrågades honom och om han icke på Mötes platzen
701 1591 3014 1891 hört förbodh det ingen sigh fylla måtte, Rp. Gudh bät¬
707 1714 3014 2022 tre migh iag war tillförende drucken eftter iag tänkte
716 1843 2993 2148 ingen Opsittning blifwa den dagen, Men tillfrågades
704 1990 2951 2244 honom om han icke hört proussell Kl. 6 om morgo¬
722 2112 2930 2376 nen Rp. Ja nog hörde iagh. Tillfrågades honom när
686 2253 2909 2499 han då rycktat sin häst Rp. Kl. 4 men sedermehra
728 2373 2936 2589 druckit sigh drucken. Tillfrågades honom om han
710 2484 2981 2733 icke hört officerarnes förmaningar, att intet mehra
707 2601 2945 2870 fylla sigh, Rp. Ja men då war förseent inter: om
722 2739 2837 2987 icke han sedan Kiöpt öhl, Rp. Ja allenast 1 stop Öhl.
716 2807 2969 3107 inter. hwar han giordt af samma Öhl. Rp. något drack
713 2972 3017 3227 han sielf något gaf han hästen som han slagit i hatten
722 3083 2945 3329 något har han gifwit troßpoiken, int: om icke sedan
707 3212 2894 3431 han slagit Öhlet i hatten, han blifwit framhafd för
743 3308 2978 3557 Öfwersten och befalt att sittia af, Rp. Ja. int: om han
716 3434 3029 3667 icke emot order igen suttit upp Rp. Ja, int: vice Corpong
734 3572 3026 3793 Petter Schöler huru, sedan Ryttmestaren andra gången
758 3682 3026 3901 befallt honom afsittia passerade, Ryttaren föll i tahlet
758 3820 3002 4039 och swarade sig ey wetat honom haftt Ryttmestarens
734 3937 2984 4138 ordres. int: om han Ryttanren icke wiste och sågh det
722 4033 3044 4273 Schöller på paraden blef satt till vice Corporal Rp. Ney.
740 4174 2951 4413 int: Om han icke såg honom widh Compag:t rida och
2346 4339 2888 4554 Commendera
5540 315 5717 476 11.
3356 372 5747 662 Commendera, swarade han ney, Dy då han kom till Mötes¬
3371 581 5717 800 platzen blef han straxt framropat, då frågades om han icke
3383 665 5756 890 war medh på paraden och marcherade upp; Rp: Ney, utan
3362 779 5705 1010 kom sedan på Mötes platzen som war i Stallmästi Reu¬
3398 908 5699 1109 terCrantz gårdh och blef straxt uppropadt, der på han ridit
3413 1007 5756 1273 af från ledet och satt sigh på syda, int: om icke han hört
3398 1127 5738 1399 när det blåstes till häst, Rp: Ja. int: hwarföre han då
3407 1246 5711 1507 icke kom, Rp: sigh icke hinna emedan han då höll på
3365 1366 5696 1654 sehla och kunde ey weta hwar Compagniet sigh ställa
3413 1468 5645 1756 skulle. int: om han icke hörde Pukorna och Trumpeter,
3392 1600 5756 1915 Rp. Ja. Ryttmestaren berättade medh Compagniet stått på
3350 1738 5759 2055 paraden i twå starka timar innan han afmarcherade,
3356 1891 5753 2169 sedan den blåst till häst, så att han deß emillan wäl
3398 2070 4680 2253 kunnat warit på paraden.
3395 2085 5768 2385 int: Petter Schöler når han blef befallt at låta Rytta¬
3407 2214 5726 2505 ren af sittia huru sedan passerade, Rp: sedan Rytt¬
3422 2364 5768 2589 mestaren andra resan befalt honom hafwa Ryttaren af
3395 2487 5735 2778 hästen, har han befalt Ryttaren sittia af och ey ryda i
3389 2598 5768 2888 Compag:t, eftter han trampade dee andre hästarne, och
3392 2715 5669 3029 sdan han honom tillsagt medg goda stiga af hästen,
3398 2846 5780 3107 men han ey welat, har Corporal sagt stig af eller iag
3395 2960 5786 3293 stryker till digh par slängar, Ryttaren swarat Ja, kom
3422 3095 5750 3410 fram du, der på vice Corporal tagit uth wärjan och
3431 3215 5780 3503 slagit honom öfwer ryggen, Ryttaren tagit sin wär¬
3419 3338 5783 3640 ja uth slagit Corporal öfwer hufwud medh flata wärja
3419 3455 5792 3727 twå slag i det han baklänges wänt sigh, sedan kastat
3434 3593 5744 3841 om hästen och huggit Skarpt som synes i klingan
3437 3697 5780 3952 och fästet på Schölers wäria, hwilket alt Spännaren
3437 3817 5771 4141 tillstodh, allenast uhrsechtade sig ey wetat Schöler wa¬
3437 3925 5780 4246 ra vice Corporal, och tänkte der före eftter han brukat
3410 4093 5459 4372 sin wärja wille Spännaren och bruka sin.
5049 4264 5312 4416 int:
