4553 3709
221 80 302 153 2.
476 262 2200 423 ansende till dess Höggunstige omdöme om
472 383 2200 531 min ringa Person flik förrättning mig i
476 479 2223 642 Nåder låtit anbefalla; Hafwandes Edres Kungl.
463 574 2225 729 May:ts till dess behörige wärkställande gif-
460 686 2206 825 wit nådigst tillståund, af från mitt amnför-
460 788 2219 933 trodde Bergmästare döme mig på någon tid
451 883 2203 1010 absentera och den Instruction allernådigst be-
457 964 2219 1125 fallt efterlefwa, som Eders Kongl. May:ts Bergs-
460 1066 2206 1233 Collegium till Eders Kongl: May:ts tienst
454 1174 2206 1335 så mycket bättre befordrande tillika blef
460 1282 2219 1437 beordrat för mig at upsättia och medgifwa.
457 1387 2250 1542 Altså hafwer till underdånigst föllie af så-
454 1483 2157 1647 dan Eders Kungl. May:ts Allernådigste
454 1585 2210 1749 willia Kungl. BergsCollegium strax deref-
454 1693 2206 1848 ter låtit sig wara angelägit, at på Resans
454 1789 2213 1928 företagande efter möjeligheten skynda, och
457 1897 2249 2018 medelst dess Instruction af d. 30 martii sam-
460 1987 2210 2111 ma åhr en methode om Resans anställande
451 2098 2210 2219 och den derwid intenderade undersökning
451 2188 2200 2327 skrifteligen låtit författa, hwarutin-
451 2287 2210 2423 nan en god del af Tyskland, Ungern, Tiro-
448 2398 2191 2531 len, Bisaien, England och Hålland med
448 2494 2206 2617 flere orter, så wida lägenheten och ti-
445 2587 2176 2723 dernes beskaffenhet kunde medgifwa,
448 2695 2179 2834 mig befalltes at igenom resa, och hwad så
445 2797 2197 2920 wäl om Bergwärkens, som Metallernes der
448 2883 2160 3019 i Provincerne tillstånd och afförsel kunde
442 2995 2194 3131 erkundigas, med flit sökia at inhämta, på
445 3090 2169 3233 det iag icke allennast utanifrån Kungl.
448 3205 2185 3341 Bergs Collegio, efter handen sådant kunde
438 3297 2197 3440 lata förnimma, utan ock wid återkomsten
1796 3433 1986 3508 med
2330 284 4073 414 med tydeligare berättelse om et och annat in-
2330 383 2667 503 komma.
2333 479 4089 608 Emedan och så kort tillförene Cammmar Presi-
2336 571 4058 717 denten wid Churfurstl. Brandenburgiske
2339 679 4110 806 håfwet, Baron von Kniphausen icke allenast
2336 772 4120 905 hade förmått öfwersten Phul at til Smält-
2330 874 4107 1016 och Bergwärkens befordring här i Riket, nå-
2330 982 4086 1128 gre sine särdeles wettskaper igenom dess
2330 1081 4089 1248 inskickade Personer Communicera, utan icke
2330 1217 4117 1363 dessutan en wiss smältning, hwarmed år-
2330 1338 4110 1492 ligen något ansenligen skulle kunna win-
2330 1446 4064 1588 nas, Eders Kungl. May:ts sig erbudit att
2327 1554 4055 1709 meddela, så hafwer Eders Kungl. May:ts wid
2324 1678 4076 1811 sammma tid mig Allernådigst behagat anbe-
2321 1795 4042 1925 falla, at under min Resa till Tyskland hos
2321 1900 4086 2046 bem:t K:B von Kniphausen och Öfwersten Phul
2321 2046 4049 2185 mig anmäla, af dem uti förtrolighet för-
2321 2163 4039 2290 nimma hwarutinnan berörde smälte-
2321 2284 4018 2407 ort egenteligen månde bestå, och derhos
2318 2398 4061 2522 om de wärk winlägga mig at blifwa un-
2318 2503 4015 2661 derrättad, för hwilkens skiarskådande
2324 2624 4067 2800 Assessoren Hierne wid dess något tillfören-
2321 2757 4101 2911 ne wistande hos Öfwersten Chul icke så län-
2324 2883 4061 3041 ge som förmentes nödigt, hade sig kun-
2318 3016 4101 3165 nat uppehålla och till fullkommeligit un-
2321 3134 3251 3263 dersökande Examinera.
2324 3282 4089 3492 Sedan fördenskull Eders Kongl. May:ts allernå-
