4953 4046
4288 235 4627 414 No 51.
3272 422 4828 710 Riksens Höglofl. Ständers Sto-
3374 628 4809 856 ra Deputations Tredje Utskotts
3354 754 4797 979 Betänkande, angående Skrif- och
3342 890 4797 1120 Tryckfriheten; gifwit wid Riks¬
3350 1033 4838 1229 dagen i Stockholm then 18 De¬
3371 1139 3953 1309 cember 1765.
2976 1268 4818 1537 Under thet Utskottet thetta ganska wigti¬
2976 1452 4751 1653 ga ämne med yttersta sorgfällighet
2940 1568 4782 1794 förehaft, har thet icke kunnat undfalla
2957 1714 4755 1910 Utskottets upmärksamhet, huru mör¬
2940 1830 4804 2050 ker och okunnoghet uti alla the delar,
2933 1951 4792 2160 hwarpå människans sällhet eller ofärd
2947 2063 4877 2315 i flere slags afseende beror, är then wißa¬
2908 2186 4561 2426 ste lott, som med födslen ärfwes.
3105 2322 4794 2557 Skall thenna naturens brist kunna
2962 2450 4799 2673 botas, och ett folk föras til then sanna
2967 2584 4792 2826 Gudens kännedom och oskrymtade dyr¬
2955 2724 4845 2928 kan, såsom ock til en grundelig under¬
2964 2858 4797 3066 wisning om the plikter, som hwar och
2964 2986 4770 3209 en emot sig och nästan är skyldig
2955 3134 4821 3350 at i ackt taga, samt til the wetten¬
2887 3255 4831 3510 skaper, hwarigenom förnuftet up¬
4392 3425 4564 3551 står
3621 3485 3779 3674 739
