5008 4072
442 152 2519 311 att då Börjesson omkring 10 minuter efte
428 297 2511 406 Söderholms bortgång, återvändt till sin
431 395 2484 520 jakt, han funnit den lucka, som bildar
428 494 2522 662 taket till kajutan frånskjuten samt öfve
437 598 2495 728 rocken borta; värderande Börjesson
458 708 2480 843 rocken till 25 rdr och plånboken till en
439 838 834 960 rdr. rmt.
521 906 2506 1072 Söderholm, som till en början påstod
449 1003 2516 1165 att han medhaft berörde rock ifrån Her¬
438 1166 2516 1282 nösand, uppgaf sedermera att, då han,
482 1205 2507 1359 efter sitt besök å Jakten Anna, kommit
330 1315 835 1407 ombord å Rio
1486 1331 2507 1426 , en obekant mansper¬
451 1456 645 1530 son
249 1340 2500 1525 kommit ur kajutan derstädes medförande rocken, samt att samma person
76 1444 423 1550 sedan Söder¬
80 1527 444 1611 holm kommit i
91 1584 488 1716 land på Skepps¬
84 1648 464 1772 bron till honom
1297 1453 2489 1564 utbjudit rocken, som
494 1513 786 1589 Söderholm
597 1512 2501 1671 köpt för 2 rdr. rmt; och hade dervid
483 1629 2494 1784 den obekanta ur ena rockfickan upp¬
459 1742 2503 1884 tagit en plånbok, som han bad Söder¬
445 1790 2526 2011 holm vara rädd om, hvarför äfven Söde
439 1954 2469 2057 holm genast nedgräfte plånboken
467 2040 2525 2215 under snön på gården till huset No 2
442 2145 2503 2300 vid Sillgatan, men några assistance sed¬
453 2279 2503 2413 lar hade Söderholm icke funnit i rocken
523 2382 2501 2522 Vid anställd visitation har plånboken
419 2500 2523 2628 återfunnits på det af Söderholm upp¬
450 2568 1756 2715 gifne ställe, hvaremot
2097 2584 2515 2690 assistanc
468 2700 2179 2833 sedlarne icke tillrättakommit.
337 1790 453 3874 Upplysningvis hörd har Sjömannen Rudolf Constantin
267 1777 387 3967 Gustafsson, boende uti Magnussons hus vid Koppmans¬
233 1762 314 3958 gatan, berättat att Söderholm omkring en timme efter det
158 1779 237 3177 stölden blifvit upptäckt för honom,
165 3741 252 3951 omta¬
109 1778 197 3946 lat, att han sett en obekant person komma ur kajutan på Jakten
68 1773 146 2879 Rio, utan att dock nämna något om
53 3649 137 3929 den förlor
62 1880 103 2403 stulna rocken.
541 2794 2515 2904 Söderholm har uppgifvit, att han, som
451 2914 2489 3014 icke förr varit för brott tilltalad eller
446 2989 2287 3167 straffad, är född den 9 Aug 1848
468 3097 2502 3271 samt tillhör Hernösands Stads församling
491 3200 2499 3353 I anledning af hvad sålunda förekom¬
481 3345 2475 3445 mit, har Söderholm, hvilken saknar
473 3416 2509 3561 bostad, blifvit införpassad till Cellfängel¬
479 3487 2498 3640 set, derifrån han kommer att denna
472 3586 2455 3760 dag inför Pkn inställas. Göteborg den
490 3687 1388 3828 10 Januari 1868.
2739 152 3005 325 No 5
3220 217 3777 394 Rapport.
2754 369 4897 577 Ogifta qvinspersonen Anna Olsson, boende
2662 533 3211 668 uti huset No 13
3193 506 3294 559 vid
3210 552 3697 672 Nya Allégatan
3386 504 4046 586 i Stadens 10de qvarter
3787 479 4898 664 har den 7 i denna må¬
2658 580 4862 768 nad anmält, att hon Söndagen den 5 dennes
2673 697 3039 770 på aftonen
2654 702 4917 882 infunnit sig hos Filaren Carl August Svensson,
2677 775 4909 916 boende uti huset No 85 vid Landsvägsgatan, der¬
2693 892 4310 1050 vid Svensson på hennes begäran
4547 879 4915 1019 skrifvit
2707 1004 4932 1132 ett bref till hennes föräldrar, hvilket bref jem¬
2712 1093 4268 1215 te 20 rdr. rmt i penningar, som
4158 1032 4873 1133 hon ämnat sända
2697 1183 4126 1313 till föräldrarnes understöd,
4211 1096 4749 1263 inneslutits
4756 1168 4922 1271 i ett
2697 1277 3947 1426 kuvert, som oförsegladt
4038 1237 4933 1403 lagts uti en Sven¬
2691 1351 4885 1515 son tillhörig spegellåda för att dagan derpå
2713 1439 4909 1621 med posten afsändas; att såväl hon som
2687 1539 4909 1696 Svensson omkring kl. 7 på aftonen begifvit
2712 1673 4885 1841 sig ut tillsammans, dervid dörren till
2711 1778 3486 1915 Svenssons rum
3941 1747 4900 1919 blifvit tillåst samt
2725 1841 4926 2002 att då de omkring 3 timmar derefter åter¬
2711 1933 4950 2111 kommit hem, brefvet jemte deri förvarade
2721 2070 4020 2219 penningar varit borta.
2798 2148 4846 2276 Vid i anledning häraf hållet förhör har
2705 2247 4904 2397 Svensson erkänt att då han, hvilken, på sätt
2724 2325 4920 2477 Anna Olsson uppgifvit, skrifvit brefvet åt henne
2733 2453 4302 2616 och deruti inneslutit af henne
4174 2430 4464 2506 dertill
4327 2429 4923 2544 lemnade 20
2731 2560 4886 2676 rdr. rmt, jemte Anna Olsson skulle lemna
2740 2615 4927 2776 rummet för att begifva sig uti; han begag¬
2731 2720 4914 2907 nat det tillfälle, då Anna Olsson varit
2721 2850 4910 2994 före honom i förstugan, för att återvända
2734 2919 4880 3062 till sitt rum samt ur spegellådan uttaga
2734 3034 4919 3198 brefvet jemte penningarne, hvilka han
2733 3124 4892 3309 derpå gömt uti en i hans garderob hän¬
2768 3265 4862 3405 gande rock; tilläggande Svensson, att
2741 3358 4890 3503 han af penningarne användt 12 rdr till
2759 3457 4599 3594 inlösen af en pantsatt rock samt
4517 3397 4911 3463 på annat sätt
4776 3438 4921 3541 för¬
2760 3543 4031 3711 skingrat de öfrige 8 rdr.
