5069 4072
564 221 2368 408 sistl. Julafton köpt säcken med
557 322 2382 461 verktygen af en obekant arbetskarl
538 411 2411 558 från Ahle härad för 5 rdr 50 öre, samt
553 507 2383 683 någon dag under sistl. vecka filten
570 629 1178 778 af en sjåare,
1519 597 2370 736 som han ej kän¬
560 718 1462 847 ner, för 2 rdr 25 öre.
662 777 2391 951 På grund af hvad sålunda före¬
573 849 2395 1009 kommit, kommer Johannes Sven¬
558 952 2389 1082 son, hvilken blifvit till Cellfängel¬
546 1045 2365 1186 sel införpassad, att denna dag in¬
547 1109 2335 1295 för Pkn inställas. Göteborg den
575 1233 1371 1398 5 Januari 1872.
186 1343 478 1486 No 4
143 1472 507 1564 Johan An¬
111 1539 382 1650 dersson.
663 1326 2368 1472 Poliskonstapeln No 40 Brattfors har
566 1409 2377 1554 den 4 ds anhållit för snatteri straf¬
567 1487 2371 1674 fade Arbetskarlen Johan Anders¬
549 1607 2385 1719 son, för det han sagde dag olofli¬
557 1665 2395 1824 gen tillgripit en tomsäck, till hvil¬
551 1781 2382 1877 ken hustrun Olivia Larsson från Ball¬
548 1845 2375 2013 torp i Fässbergs Sn anmält sig såsom
553 1939 2407 2105 egare, under uppgift att säcken för¬
552 2023 2350 2160 varits å hennes på gården till
557 2119 2349 2252 huset No 13 vid Södra Larmgatan
569 2216 1353 2333 stående åkdon.
654 2301 2409 2408 Vid det med Andersson i anled¬
542 2385 2380 2501 ning häraf anstälde förhör har han
558 2477 2379 2624 uppgifvit, att han af hustru Lars¬
550 2560 2333 2701 son erhållit uppdrag att efterse
543 2666 2395 2803 hennes åkdon och inbära ifrågakom¬
535 2755 952 2882 ne säck
1201 2740 2369 2864 till en i ofvannämnde
551 2855 2338 2960 hus befintlig salubod för att det
550 2916 2391 3069 afhemta hackelse, hvadan han af¬
797 3021 2346 3122 tagit säcken från åkdonet
554 3084 2337 3246 för att efterkomma hennes till¬
550 3170 2302 3327 sägelse utan någon afsigt att
548 3306 2044 3405 sjelf behålla densamma.
599 3330 2405 3475 Hustru Larsson har förklarat att
552 3449 2289 3597 hon ej gifvit Andersson något
515 3523 2338 3690 sådant uppdrag utan hade hon, då
2734 208 4510 361 hon utkommit från saluboden
2722 285 4558 460 saknat säcken och skyndat efter An¬
2721 400 4524 540 dersson, som varit i portgången
2706 487 4550 620 till gatan, och fråntagit honom den¬
2718 601 3181 690 samma.
2836 611 4473 756 Nedannämnde personer hafva
2717 734 3193 865 upplyst:
2735 746 4521 925 1o Enkan Sofia Carlsson, boende i hu¬
2727 849 4535 987 set No 13 vid Södra Larmgatan, att
2735 936 4506 1070 hon sett Andersson taga säcken
2740 1019 4492 1164 från åkdonet och begifva sig med
2732 1093 4542 1243 densamma till portgången, hvarest
2725 1184 4550 1342 han gömt den under sin påhafde
2724 1276 3118 1391 rock; och
2707 1311 4472 1499 2o Drängen Carl Andersson, i tjenst
2729 1416 4518 1561 hos Handlanden A. Gädda, boende
2718 1486 4466 1626 i ofvannämnde hus, att då han
2737 1559 4546 1724 på hustru Larssons rop om hjelp
2716 1679 4503 1825 fasttog Andersson, denne haft
2744 1736 4303 1892 säcken gömd under sin rock.
2838 1831 4527 1990 På grund af hvad sålunda före¬
2728 1901 4524 2045 kommit, kommer Johan Anders¬
2741 1990 4563 2141 son, hvilken är i saknad af bestämd
2734 2074 4531 2203 bostad, att denna dag inför Pkn
2742 2123 4531 2300 inställas. Göteborg den 5 Jan. 1872.
4594 2240 4803 2334 No 5
4570 2349 4932 2427 Alexander
4561 2409 4915 2497 Wernbom.
2791 2248 4519 2415 Hustrun Eva Andersson, boende
2725 2353 4513 2502 i huset No 221 af Mjs 1sta Rote, har den
2718 2460 4520 2568 23 sistl. November anmält att sam¬
2724 2528 4541 2677 ma dag på eft. m. från henne olofli¬
2722 2592 4548 2756 gen tillgripits en stortröja af svart
2691 2663 4514 2859 halfylle, som varit upphängd
2719 2794 4130 2942 i förstugan till sagde hus.
2883 2858 4517 3009 För detta tillgrepp hafva Polis¬
2739 2947 4514 3106 konstaplarne No 85 Jönsson och No
2739 3068 4548 3194 88 Andrén den 4 ds anhållit för andra
2719 3143 4539 3283 resan stöld straffade mansperso¬
2730 3218 4581 3339 nen Alexander Wernbom, hvilken
2731 3305 4551 3457 vid det med honom anstälde förhör
2726 3417 4538 3550 vidgått, att han, som för uträttan¬
2733 3493 4579 3659 de af något ärende vid ifrågakom¬
