5084 4105
482 359 2573 508 hållit Arbetskarlen Johan Eriksson, boen¬
496 490 2553 622 de uti Trädgårdsmästaren Nilssons hus
496 588 2553 690 vid Husargatan, och hvilken vid anträf¬
488 671 2514 825 fandet befanns innehafva berörde
487 782 815 912 släde.
613 836 2561 1012 Vid det med Eriksson i anledning
485 987 2566 1135 häraf hållne förhör har han uppgifvit
493 1089 690 1187 att
939 1069 2541 1209 sistlidne Julafton kl. emellan
497 1180 2546 1337 4 och 5 på eft. m. en ljuslagd mansper¬
479 1261 2529 1409 son, hvilkens namn han icke känner,
493 1388 1137 1508 till honom
1417 1385 2542 1510 å Kungstorget utbju¬
493 1491 1126 1637 dit släden
1006 1471 1317 1571 till salu
1165 1472 2553 1654 för 2 rdr rmt, hvarefter Eriks¬
477 1619 2537 1782 son köpt densamma för 1 rdr. 50 öre, men
501 1738 1054 1856 sedermera
935 1693 1313 1790 för 2 rdr 75 öre
1091 1751 1725 1880 försålt den
2124 1734 2550 1894 till Ogifta
489 1861 2522 1969 Amalia Elisabeth Svensson, af hvilken
494 1919 2410 2108 han lånt släden, då han anträffades.
555 2053 2519 2207 Upplysningsvis hörde hafva nedan¬
494 2134 2170 2307 nämnde personer berättat:
471 2225 2521 2394 1o Adolf Johansson ifrån Bråten i Råda
509 2354 840 2471 socken
764 2326 1455 2417 Säfvedals härad,
866 2383 2526 2505 att han vid ifrågakomne till¬
508 2432 2529 2620 fälle sett, hurusom en mörklagd,
504 2544 2541 2689 mansperson, i hvilken han med säker¬
497 2657 2534 2841 het tycker sig igenkänna i Eriksson,
491 2747 2529 2942 på det af Målsegaren uppgifne sätt
488 2849 1398 3018 bortfört släden,
502 2961 2505 3113 och hade Johansson då icke kunnat
472 3081 2543 3242 förmoda något olofligt tillgrepp, enär
516 3164 2529 3322 berörde person tillvägagått helt lugnt.
494 3277 2520 3461 2o Ogifta Amalia Elisabeth Svensson, boende
486 3438 2494 3586 uti huset No 13 vid Landsvägsgatan; att
1742 3531 2526 3664 Eriksson Fredagen
2929 273 4143 442 gen den 27 sistl. December
4120 203 4659 341 för 2 rdr 75 öre
4194 273 4984 452 till henne för¬
2893 380 4226 552 sålt ifrågakomne släde
4859 408 4987 491 som
2907 490 4978 620 han uppgaf sig hafva köpt; samt att han
2907 637 4993 763 sedermera brukat låna den af henne.
2924 692 5000 866 I anledning af hvad sålunda förekom¬
2914 831 5032 999 mit, är Eriksson, hvilken tillåtits vistas
2913 937 5011 1106 å fri fot, kallad till inställelse inför
2907 1093 5008 1219 Poliskammaren å Cellfängelset den¬
2926 1186 4992 1375 na dag kl. 11 f. m. Göteborg den 7
2891 1294 3806 1492 Januari 1868.
3971 1340 4983 1569 A. O. Elliot.
