2590 3540
278 151 1258 280 och it par sko, Iten y tiuga
288 226 1222 375 tom, it flesk, it lakan, 16
285 312 1108 496 markar ost, något yster.
276 515 1213 701 Den 13 martij Anno 92
292 614 1066 780 almäns Råstuffua.
276 751 1235 956 Lille mäster hans gioide
283 885 1263 1044 sin Eed sielff tridre för då
269 957 1255 1123 Castin Båskäwne skellte honom
283 1073 1249 1202 för en tiuff, och hans hustru
265 1141 1231 1309 för en hona, och kunde thet
252 1231 1231 1367 Inte bewisa huarkem honom
259 1321 796 1446 ellr med henne
240 1489 1245 1661 Samme dag bleff p gyte
260 1601 1244 1727 stöpare och wäryo suenen
237 1681 1260 1830 för ente om något squalp
253 1746 1260 1902 och tal, som ti hade sig emotte
222 1832 1228 1994 och bleff dåt så affsagdt at
238 1927 1224 2078 hwilken wta som affbiött
247 2010 1191 2195 skulle han böite 40. rCr.
278 2205 1235 2400 Bent gulsmed för thet
278 2331 1166 2494 han belägrade sin lego
265 2439 1212 2595 pigo, gaffz up y tre oxae
267 2533 1180 2688 och inge peinge, thett
284 2604 1248 2777 giordes för hans longlige
274 2713 1248 2871 tientst, och meninge mans
291 2777 1240 2963 förbön skul här i staden
1296 202 2331 345 Anders y hula ved queena
1299 289 2334 454 för dät hans hustru snappa
1309 377 2357 519 något mate ifrå Jöns Nielson
1294 464 2353 615 et par oxar kougn och staden
1291 533 2359 699 målzägande saken end daler åt
1307 641 1580 769 kyrkan.
1291 785 2391 971 Arffue Larßon för hon hade
1306 910 2417 1060 förtalat sig emot gund sunßon
1299 1008 2298 1162 konugen och staden S
1321 1184 2418 1368 Bryngell y gererid y Snärtorp
1296 1299 2314 1445 på sochn för han loffua för
1292 1381 2402 1543 Jon Arlanson peinge 3 daler
1296 1512 2382 1716 En dräng i marie stad för han
1309 1651 2381 1810 kasta i en Annors bo 6 mC
1310 1814 2399 1968 4 skreddare drucke här y byne
1301 1918 2396 2069 oh bleffue oens och droge sina
1302 2008 2325 2148 wärior, och giode huar Annan
1307 2097 2373 2251 blouite peningr 4 daler
1317 2220 2244 2374 Jacop Nielson opböd sin
1320 2328 2168 2468 tompt tridie gången
1301 2460 2246 2681 Den 24 Aprilis Anno 92
1345 2613 2047 2764 Almans Råstuffua
1342 2706 2277 2884 tå gaffz dom på månsa
1337 2821 2368 2954 dotter i tokorp, för dett hon
1337 2888 2443 3053 hade stulit ifrf hans Anderson
1341 2969 2158 3131 5 Alna gröne engelst
